<record xmlns="http://www.loc.gov/MARC21/slim">
   <leader>02613cam a2200517 i 4500</leader>
   <controlfield tag="001">6765662</controlfield>
   <controlfield tag="003">OCoLC</controlfield>
   <controlfield tag="005">20141208162928.0</controlfield>
   <controlfield tag="008">140620s2015    ilua     b    001 0 eng  </controlfield>
   <datafield ind1=" " ind2=" " tag="010">
      <subfield code="a">  2014018024</subfield>
   </datafield>
   <datafield ind1=" " ind2=" " tag="020">
      <subfield code="a">9780838911655</subfield>
      <subfield code="q">print : softcover : alk. paper</subfield>
   </datafield>
   <datafield ind1=" " ind2=" " tag="020">
      <subfield code="a">083891165X</subfield>
      <subfield code="q">print : softcover : alk. paper</subfield>
   </datafield>
   <datafield ind1=" " ind2=" " tag="020">
      <subfield code="z">9780838912461</subfield>
      <subfield code="q">epub</subfield>
   </datafield>
   <datafield ind1=" " ind2=" " tag="020">
      <subfield code="z">083891246X</subfield>
      <subfield code="q">epub</subfield>
   </datafield>
   <datafield ind1=" " ind2=" " tag="020">
      <subfield code="z">9780838912454</subfield>
      <subfield code="q">pdf</subfield>
   </datafield>
   <datafield ind1=" " ind2=" " tag="020">
      <subfield code="z">0838912451</subfield>
      <subfield code="q">pdf</subfield>
   </datafield>
   <datafield ind1=" " ind2=" " tag="020">
      <subfield code="z">9780838912478</subfield>
      <subfield code="q">kindle</subfield>
   </datafield>
   <datafield ind1=" " ind2=" " tag="020">
      <subfield code="z">0838912478</subfield>
      <subfield code="q">kindle</subfield>
   </datafield>
   <datafield ind1=" " ind2=" " tag="035">
      <subfield code="a">ocn794711907</subfield>
   </datafield>
   <datafield ind1=" " ind2=" " tag="040">
      <subfield code="a">DLC</subfield>
      <subfield code="b">eng</subfield>
      <subfield code="e">rda</subfield>
      <subfield code="c">DLC</subfield>
      <subfield code="d">BTCTA</subfield>
      <subfield code="d">BDX</subfield>
      <subfield code="d">CNSAP</subfield>
      <subfield code="d">OCLCO</subfield>
      <subfield code="d">FM0</subfield>
      <subfield code="d">IQU</subfield>
      <subfield code="d">FDA</subfield>
      <subfield code="d">YDXCP</subfield>
      <subfield code="d">OCLCQ</subfield>
      <subfield code="d">UAB</subfield>
   </datafield>
   <datafield ind1=" " ind2=" " tag="042">
      <subfield code="a">pcc</subfield>
   </datafield>
   <datafield ind1=" " ind2=" " tag="043">
      <subfield code="a">n-us---</subfield>
   </datafield>
   <datafield ind1="0" ind2="0" tag="050">
      <subfield code="a">Z711.5</subfield>
      <subfield code="b">.B27 2015</subfield>
   </datafield>
   <datafield ind1="0" ind2="0" tag="082">
      <subfield code="a">026/.8088381</subfield>
      <subfield code="2">23</subfield>
   </datafield>
   <datafield ind1=" " ind2=" " tag="090">
      <subfield code="a">Z 711.5 B27 2015</subfield>
      <subfield code="b">AEU</subfield>
   </datafield>
   <datafield ind1="1" ind2=" " tag="100">
      <subfield code="a">Baker, Jennifer S.,</subfield>
      <subfield code="d">1953-</subfield>
      <subfield code="e">author.</subfield>
   </datafield>
   <datafield ind1="1" ind2="4" tag="245">
      <subfield code="a">The readers' advisory guide to historical fiction /</subfield>
      <subfield code="c">Jennifer S. Baker.</subfield>
   </datafield>
   <datafield ind1="3" ind2="0" tag="246">
      <subfield code="a">Advisory guide to historical fiction</subfield>
   </datafield>
   <datafield ind1="3" ind2="0" tag="246">
      <subfield code="a">Guide to historical fiction</subfield>
   </datafield>
   <datafield ind1="3" ind2="0" tag="246">
      <subfield code="a">Historical fiction</subfield>
   </datafield>
   <datafield ind1=" " ind2="1" tag="264">
      <subfield code="a">Chicago :</subfield>
      <subfield code="b">ALA Editions, an imprint of the American Library Association,</subfield>
      <subfield code="c">2015.</subfield>
   </datafield>
   <datafield ind1=" " ind2=" " tag="300">
      <subfield code="a">xvi, 335 pages :</subfield>
      <subfield code="b">illustrations ;</subfield>
      <subfield code="c">23 cm.</subfield>
   </datafield>
   <datafield ind1=" " ind2=" " tag="336">
      <subfield code="a">text</subfield>
      <subfield code="b">txt</subfield>
      <subfield code="2">rdacontent</subfield>
   </datafield>
   <datafield ind1=" " ind2=" " tag="337">
      <subfield code="a">unmediated</subfield>
      <subfield code="b">n</subfield>
      <subfield code="2">rdamedia</subfield>
   </datafield>
   <datafield ind1=" " ind2=" " tag="338">
      <subfield code="a">volume</subfield>
      <subfield code="b">nc</subfield>
      <subfield code="2">rdacarrier</subfield>
   </datafield>
   <datafield ind1="1" ind2=" " tag="490">
      <subfield code="a">ALA readers' advisory series</subfield>
   </datafield>
   <datafield ind1=" " ind2=" " tag="504">
      <subfield code="a">Includes bibliographical references and indexes.</subfield>
   </datafield>
   <datafield ind1="0" ind2="0" tag="505">
      <subfield code="t">A wall of portraits, a hall of doors --</subfield>
      <subfield code="t">Talking with historical fiction readers --</subfield>
      <subfield code="t">Historical fiction by time period --</subfield>
      <subfield code="t">Historical fiction by place --</subfield>
      <subfield code="t">Biographical historical fiction --</subfield>
      <subfield code="t">Historical fiction by subject --</subfield>
      <subfield code="t">Culture, ethnicity, religion, and gender in historical fiction --</subfield>
      <subfield code="t">Historical fiction and other genres --</subfield>
      <subfield code="t">Expanding readers' advisory services : the whole-collection approach --</subfield>
      <subfield code="t">Keeping current, staying relevant --</subfield>
      <subfield code="g">Appendix A.</subfield>
      <subfield code="t">How to read a novel in just minutes /</subfield>
      <subfield code="r">Georgine Olson --</subfield>
      <subfield code="g">Appendix B.</subfield>
      <subfield code="t">Literary historical fiction and classics for book groups --</subfield>
      <subfield code="g">Appendix C.</subfield>
      <subfield code="t">Form-based readers' advisory :</subfield>
      <subfield code="t">a list of libraries /</subfield>
      <subfield code="r">Barry Trott.</subfield>
   </datafield>
   <datafield ind1=" " ind2=" " tag="596">
      <subfield code="a">43</subfield>
   </datafield>
   <datafield ind1=" " ind2="0" tag="650">
      <subfield code="a">Fiction in libraries</subfield>
      <subfield code="z">United States.</subfield>
   </datafield>
   <datafield ind1=" " ind2="0" tag="650">
      <subfield code="a">Libraries</subfield>
      <subfield code="z">United States</subfield>
      <subfield code="x">Special collections</subfield>
      <subfield code="x">Historical fiction.</subfield>
   </datafield>
   <datafield ind1=" " ind2="0" tag="650">
      <subfield code="a">Readers' advisory services</subfield>
      <subfield code="z">United States.</subfield>
   </datafield>
   <datafield ind1=" " ind2="0" tag="650">
      <subfield code="a">Historical fiction</subfield>
      <subfield code="v">Bibliography.</subfield>
   </datafield>
   <datafield ind1=" " ind2="0" tag="830">
      <subfield code="a">ALA readers' advisory series.</subfield>
   </datafield>
   <datafield ind1=" " ind2=" " tag="949">
      <subfield code="a">Z 711.5 B27 2015</subfield>
      <subfield code="c">1</subfield>
      <subfield code="h">UAHS-B</subfield>
      <subfield code="i">0162035205796</subfield>
   </datafield>
   <datafield ind1=" " ind2=" " tag="926">
      <subfield code="a">Z 711.5 B27 2015</subfield>
      <subfield code="w">LC</subfield>
      <subfield code="c">1</subfield>
      <subfield code="i">0162035205796</subfield>
      <subfield code="d">3/24/2015</subfield>
      <subfield code="e">3/16/2015</subfield>
      <subfield code="l">ON_SHELF</subfield>
      <subfield code="m">UAHSS</subfield>
      <subfield code="n">1</subfield>
      <subfield code="p">$150.00</subfield>
      <subfield code="r">Y</subfield>
      <subfield code="s">Y</subfield>
      <subfield code="t">BOOK</subfield>
      <subfield code="u">1/6/2015</subfield>
   </datafield>
</record>
